<record><leader>00000cas a22000007a 4500</leader><controlfield tag="001">15471430</controlfield><controlfield tag="008">870401d184518uuinuwr ne      0    0eng d</controlfield><datafield ind1=" " ind2=" " tag="010"><subfield code="a">sn 87055831 </subfield></datafield><datafield ind1=" " ind2=" " tag="040"><subfield code="a">NPI</subfield><subfield code="b">eng</subfield><subfield code="c">NPI</subfield><subfield code="d">OCLCQ</subfield></datafield><datafield ind1=" " ind2=" " tag="042"><subfield code="a">msc</subfield></datafield><datafield ind1="0" ind2="0" tag="245"><subfield code="a">Kosciusko Republican.</subfield></datafield><datafield ind1=" " ind2=" " tag="260"><subfield code="a">Monoquet, Kosciusko County, Ia [i.e. Ind.] :</subfield><subfield code="b">C.L. Murray,</subfield><subfield code="c">1845-</subfield></datafield><datafield ind1=" " ind2=" " tag="310"><subfield code="a">Weekly</subfield></datafield><datafield ind1="0" ind2=" " tag="362"><subfield code="a">Vol. 1, no. 1 (June 25, 1845)-</subfield></datafield><datafield ind1=" " ind2=" " tag="500"><subfield code="a">Published at Warsaw, Ind. after Nov. 1846 issue.</subfield></datafield><datafield ind1=" " ind2=" " tag="752"><subfield code="a">United States</subfield><subfield code="b">Indiana</subfield><subfield code="c">Kosciusko</subfield><subfield code="d">Monoquet.</subfield></datafield><datafield ind1=" " ind2=" " tag="752"><subfield code="a">United States</subfield><subfield code="b">Indiana</subfield><subfield code="c">Kosciusko</subfield><subfield code="d">Warsaw.</subfield></datafield><datafield ind1="0" ind2="0" tag="780"><subfield code="t">Goshen weekly advertiser</subfield><subfield code="w">(DLC)sn 87056070</subfield></datafield><datafield ind1="0" ind2="0" tag="785"><subfield code="t">Warsaw Republican</subfield><subfield code="w">(DLC)sn 87055795</subfield></datafield></record>